03300000        2007428848000118340200013000516                         GMLDIAS TESTES                BANCO SANTANDER                         113102020      000147040                                                                          
03300011R01  030 2007428848000118                    340200013000516     GMLDIAS TESTES                                                                                                0000000013102020                                         
0330001300001P 013402901300051620130005162  00000000149-1512  000000         1310202000000000001500000000 04N13102020113102020000000000000000000000000000000000000000000000000000000000000000000000                         000101500           
0330001300002Q 012000001234123123SDFASD                                  SDFAS, 5 SDF                            SDF            29000000SDFA           RJ0000000000000000                                        000000000000                   
0330001300003R 01000000000000000000000000                        213102020000000000001000                                                                                                                                                       
0330001300004S 011014LKFASD FLAKJSDH FLKAJSHD FALKS     1                   1                                                                                                                                                                   
03300015         000004                                                                                                                                                                                                                         
03399999         000001000006                                                                                                                                                                                                                   
03300000        2007428848000118340200013000516                         GMLDIAS TESTES                BANCO SANTANDER                         113102020      000147040                                                                          
03300011R01  030 2007428848000118                    340200013000516     GMLDIAS TESTES                                                                                                0000000013102020                                         
0330001300001P 013402901300051620130005162  00000000149-1512  000000         1310202000000000001500000000 04N13102020113102020000000000000000000000000000000000000000000000000000000000000000000000                         000101500           
0330001300002Q 012000001234123123SDFASD                                  SDFAS, 5 SDF                            SDF            29000000SDFA           RJ0000000000000000                                        000000000000                   
0330001300003R 01000000000000000000000000                        213102020000000000001000                                                                                                                                                       
0330001300004S 011014LKFASD FLAKJSDH FLKAJSHD FALKS     1                   1                                                                                                                                                                   
03300015         000004                                                                                                                                                                                                                         
03399999         000001000006                                                                                                                                                                                                                   
03300000        2007428848000118340200013000516                         GMLDIAS TESTES                BANCO SANTANDER                         113102020      000147040                                                                          
03300011R01  030 2007428848000118                    340200013000516     GMLDIAS TESTES                                                                                                0000000013102020                                         
0330001300001P 013402901300051620130005162  00000000149-1512  000000         1310202000000000001500000000 04N13102020113102020000000000000000000000000000000000000000000000000000000000000000000000                         000101500           
0330001300002Q 012000001234123123SDFASD                                  SDFAS, 5 SDF                            SDF            29000000SDFA           RJ0000000000000000                                        000000000000                   
0330001300003R 01000000000000000000000000                        213102020000000000001000                                                                                                                                                       
0330001300004S 011014LKFASD FLAKJSDH FLKAJSHD FALKS     1                   1                                                                                                                                                                   
03300015         000004                                                                                                                                                                                                                         
03399999         000001000006                                                                                                                                                                                                                   
03300000        2007428848000118340200013000516                         GMLDIAS TESTES                BANCO SANTANDER                         113012021      000147040                                                                          
03300011R01  030 2007428848000118                    340200013000516     GMLDIAS TESTES                                                                                                0000000013012021                                         
0330001300001P 013402901300051620130005162  00000000149-1512  11247          0109202000000000014793100000 04N13012021101092020000000000000000000000000000000000000000000000000000000000000000000000                         000101500           
0330001300002Q 011000001903033799WELLINGTON DE SOUZA PINTO               RUA DOS JACANAS, 0 LT 01 QD 28          CAJU           28820000SILVA JARDIM   RJ0000000000000000                                        000000000000                   
0330001300003R 01000000000000000000000000                        201092020000000000001000                                                                                                                                                       
0330001300004S 011014                       ALUGUEL   04/12          1.234,56                                                                                                                                                                   
0330001300005S 011024                         MULTA                    123,46                                                                                                                                                                   
0330001300006S 011034                      CORRECAO                     13,81                                                                                                                                                                   
0330001300007S 011044                         JUROS                     70,44                                                                                                                                                                   
0330001300008S 011054                TX. EXPEDIENTE                     37,04                                                                                                                                                                   
0330001300009S 011064           TOTAL GERAL A PAGAR                  1.479,31                                                                                                                                                                   
03300015         000009                                                                                                                                                                                                                         
03399999         000001000011                                                                                                                                                                                                                   
03300000        2007428848000118340200013000516                         GMLDIAS TESTES                BANCO SANTANDER                         121012021      000147040                                                                          
03300011R01  030 2007428848000118                    340200013000516     GMLDIAS TESTES                                                                                                0000000021012021                                         
0330001300001P 013402901300051620130005162  00000000149-1512  000000         2901202100000000150000000000 04N21012021129012021000000000000004000000000000000000000000000000000000000000000000000000                         000101500           
0330001300002Q 011000001903033799WELLINGTON DE SOUZA PINTO               RUA DOS JACANAS, 1                      CAJU           28820000SILVA JARDIM   RJ0000000000000000                                        000000000000                   
0330001300003R 01000000000000000000000000                        229012021000000000001000                                                                                                                                                       
0330001300004S 011014LKFASD FLAKJSDH FLKAJSHD FALKS     1                   1                                                                                                                                                                   
03300015         000004                                                                                                                                                                                                                         
03399999         000001000006                                                                                                                                                                                                                   
